<?xml version="1.0" encoding="UTF-8"?><collection xmlns="http://www.loc.gov/MARC21/slim"><record><leader>00396nam--2200133-i-4500</leader><controlfield tag="001">000049862</controlfield><controlfield tag="002">20161230</controlfield><controlfield tag="005">20161230201047</controlfield><controlfield tag="008">060222s1000------------r-----000-0-eng-d</controlfield><datafield ind1=" " ind2=" " tag="080"><subfield code="a">539.122.164:550.83</subfield></datafield><datafield ind1=" " ind2=" " tag="100"><subfield code="a">Arcybashev,V.A.,Ivaniukovich,G.A</subfield></datafield><datafield ind1=" " ind2=" " tag="245"><subfield code="a">Scintikkiacionnye spektry rasseiannogo gamma-izlucheniia tochenyh istochnikov</subfield></datafield><datafield ind1=" " ind2=" " tag="260"><subfield code="a">Moskva, Atomizdat, 1969. 107 S</subfield></datafield><datafield ind1=" " ind2=" " tag="852"><subfield code="a">30561</subfield></datafield></record></collection>